2109 2819
543 138 1524 199 HISPANO-MAJANSIANAE.
1817 133 1845 190 3

214 283 381 334 gerere,
418 264 594 310 invitum
624 258 820 315 retrahit3
857 272 908 299 ne
927 251 1027 298 nihil
1055 251 1241 314 praestare
1263 249 1428 306 videar3
1464 251 1532 295 &3
1555 258 1598 288 ut
1617 243 1853 305 experiaris,

214 351 340 400 quam
371 331 545 394 longum
582 340 743 388 tempus
772 320 1036 367 necessariurn
1067 315 1191 377 effet3
1229 316 1344 360 statui
1365 316 1413 358 ad
1441 315 1504 358 Te
1532 312 1699 354 mittere
1731 306 1857 369 speci-

219 418 316 446 men
353 397 520 454 alicujus
557 395 679 456 partis
719 388 997 436 Bibliothecae
1035 400 1178 435 meae,
1225 385 1266 427 in
1303 397 1387 443 quo
1424 376 1697 423 exhibeantur
1733 390 1859 435 opera

219 469 361 512 omnia
387 463 552 508 illorum
583 457 855 520 scriptorum,
891 456 961 516 qui
997 467 1064 497 aut
1092 447 1477 497 Grammatisticen‚
1514 458 1582 489 ant
1606 442 1861 487 Grammati-

219 549 334 584 cam,
350 541 352 543 ’
370 544 437 575 aut
467 527 732 574 Rhetoricam
748 557 761 576 ,
797 521 861 567 vel
885 523 923 565 in
946 515 1174 581 Gymnafiis
1196 514 1368 577 publicis
1387 513 1646 561 docuerunt,
1683 506 1745 552 vel
1768 504 1864 550 icti-

219 601 298 662 ptis
325 596 607 642 tradiderunt:
653 606 729 636 nec
760 582 985 634 recensebo
1012 584 1086 629 alia
1116 580 1186 628 nisi
1216 599 1262 626 ea
1292 596 1397 642 quae
1431 576 1638 638 postiam,
1675 573 1862 636 legique:

222 679 404 727 quorum
434 660 574 706 titulos
601 655 827 720 plenisfime
855 651 1102 699 describam:
1145 650 1258 712 quod
1291 647 1384 692 licet
1412 642 1602 690 scribenti
1641 640 1864 684 molestum

223 730 289 781 fit„
327 746 373 774 ac
409 727 563 792 legenti
594 721 874 780 fastidiosum3
917 718 1066 764 multas
1090 732 1232 761 tamen
1264 712 1388 758 haber
1424 709 1629 756 utilitates.
1668 723 1764 751 nam
1795 720 1867 766 per

226 797 317 842 illos
346 793 512 844 titulos,
548 807 616 837 aut
635 788 1017 853 typographorum,
1054 785 1124 846 qui
1143 798 1214 827 eos
1236 778 1466 844 praefigere
1495 773 1707 824 solebant,
1746 775 1868 834 igno-

227 865 359 909 rantia
386 858 653 924 perspicitur3
690 871 759 901 aut
787 853 1025 917 arrogantia
1060 849 1331 911 scriptorum3
1369 850 1411 889 &
1438 841 1557 888 facile
1589 836 1871 903 cognoscitur,

228 944 435 993 quaenam
464 927 665 970 editiones
693 937 853 966 tantum
874 921 1091 981 repetitae,
1127 930 1333 978 quaenam
1355 912 1499 955 austae
1524 907 1700 953 fuerint:
1736 909 1780 949 &
1800 905 1872 948 de-

231 999 381 1057 nique,
401 992 622 1054 quomodo
643 986 799 1052 singula
819 1003 945 1047 opera
971 982 1138 1047 allegari
1168 979 1354 1025 debeant.
1392 980 1432 1021 in
1465 992 1549 1038 quo
1576 990 1662 1019 non
1688 988 1781 1017 raro
1802 970 1875 1014 de·

231 1075 372 1122 ceptus
398 1057 476 1103 fuit
504 1059 710 1100 maximus
736 1056 798 1097 vir
825 1054 920 1097 Nic.
942 1051 1168 1098 Antonius,
1207 1045 1331 1090 fidem
1356 1041 1552 1087 adhibens
1580 1043 1648 1090 iis„
1685 1056 1706 1084 a
1723 1035 1874 1100 quibus

233 1127 437 1172 librorum
455 1121 664 1185 catalogos
683 1119 848 1179 accepit.
921 1119 1157 1166 Praeterea,
1195 1128 1292 1156 cum
1318 1114 1357 1155 in
1379 1107 1580 1154 librorum
1608 1103 1874 1166 frontispiciis

234 1193 405 1256 legitur,
444 1192 610 1234 cuinam
648 1185 703 1230 illi
732 1185 906 1229 dedicati
935 1181 1117 1239 fuerint3
1161 1178 1327 1241 prodest
1353 1178 1389 1220 id
1418 1172 1671 1237 cognoscere
1704 1173 1752 1215 ad
1791 1169 1877 1214 illn-

234 1259 440 1304 strandam
466 1254 718 1304 Historiam,
755 1249 819 1297 vel
842 1248 1192 1311 Genealogicam,
1218 1245 1284 1289 vel
1308 1245 1567 1292 Lite-sariam,
1598 1237 1662 1285 vel
1679 1235 1878 1287 Civilem,

236 1341 280 1370 ut
305 1324 465 1386 optime
496 1318 579 1366 [εἰς.

378 1388 606 1451 Equidem,
641 1383 671 1430 fi
697 1386 820 1429 totius
847 1380 1127 1429 Bibliothecae
1159 1395 1277 1425 meae
1304 1376 1490 1420 Iudicem
1517 1369 1795 1421 conficerem,
1834 1385 1877 1414 a-

241 1455 338 1502 liam
364 1454 634 1504 methodum,
671 1467 716 1496 ac
737 1467 869 1503 nunc,
907 1449 1183 1494 instituerem:
1220 1444 1491 1490 Scientiarum
1519 1441 1633 1485 enim
1659 1433 1798 1482 classes
1819 1436 1884 1479 di-

241 1523 526 1584 stinguerem3
572 1522 613 1563 in
641 1516 817 1578 singulas
851 1513 1050 1560 referrem
1078 1530 1207 1575 opera
1240 1511 1288 1554 ad
1318 1509 1382 1553 illa
1417 1508 1683 1569 pertinentia:
1723 1505 1764 1547 in
1791 1498 1883 1564 ipsis

243 1588 498 1651 argumentis
525 1584 703 1646 aliquem
723 1583 910 1626 ordinem
941 1579 1166 1624 servarem:
1207 1575 1351 1637 scripta
1375 1573 1638 1618 cohaerentia
1658 1571 1886 1631 conjunge-

243 1671 356 1699 rem:
396 1653 599 1697 contraria
628 1665 723 1693 cnm
744 1649 961 1692 contrariis
989 1659 1315 1707 componerem:
1351 1645 1394 1686 δέ
1423 1640 1470 1683 ad
1499 1652 1733 1682 extremum
1761 1636 1885 1678 adde-

245 1736 335 1764 rem
364 1718 595 1761 Austorum
624 1715 807 1758 indicem
825 1746 836 1764 ,
872 1715 1098 1774 unicuique
1136 1710 1337 1766 adjunffiffis
1365 1703 1562 1750 omnibus
1589 1701 1784 1764 operibus
1815 1716 1887 1745 or-

245 1788 342 1830 dine
366 1798 608 1844 temporum
632 1778 808 1832 servato,
846 1794 890 1824 ut
916 1776 1083 1824 sciretur
1106 1777 1203 1839 quid
1228 1771 1371 1836 finguli
1397 1774 1531 1834 prins,
1567 1770 1666 1832 quid
1687 1767 1888 1830 posterius

247 1848 490 1914 scripserint.
561 1850 689 1893 Nunc
715 1862 816 1892 vero
840 1842 977 1890 clalies
1007 1842 1135 1888 nullas
1171 1841 1451 1903 distinguam3
1488 1834 1575 1887 sed,
1614 1849 1659 1880 ut
1687 1832 1888 1896 intelliga-

249 1934 337 1969 tur,
372 1914 540 1978 quando
571 1911 726 1975 singula
752 1927 878 1974 opera
912 1928 1018 1973 quae
1043 1908 1205 1959 habeo,
1243 1909 1349 1951 edita
1379 1903 1487 1954 sunt,
1537 1903 1735 1963 temporis
1763 1903 1891 1944 ratio-

251 2000 348 2028 nem
374 1982 541 2044 sequar3
578 1997 712 2041 neque
741 1979 847 2022 hanc
881 1980 1108 2027 invertam,
1157 1972 1230 2019 nifi
1259 1972 1330 2017 ubi
1361 1968 1515 2015 necesse
1552 1966 1678 2012 fuerit
1706 1967 1890 2023 ejusdem

253 2049 347 2095 libri
375 2050 564 2109 repetitas
597 2049 802 2090 editiones
830 2045 1034 2102 indicate3
1075 2056 1145 2087 aut
1177 2042 1275 2103 quid
1307 2036 1447 2083 simile.
1544 2031 1723 2097 Singulis
1751 2045 1892 2075 autem

254 2112 450 2177 operibus
479 2129 620 2157 meum
645 2113 842 2169 judicium
871 2108 1139 2171 subjungam,
1176 2123 1220 2152 ut
1244 2106 1473 2151 aestimatio
1494 2101 1570 2147 illis
1589 2097 1723 2143 debita
1743 2096 1892 2141 melius

256 2176 543 2243 cognoscatur.
613 2181 659 2222 In
688 2179 769 2223 hoc
797 2175 989 2240 catalogo
1014 2173 1135 2220 facile
1154 2174 1305 2235 poterit
1325 2168 1555 2217 observari,
1592 2165 1788 2211 scientias
1808 2178 1894 2208 ma-

257 2249 319 2312 gis
344 2242 510 2308 viguisse
530 2261 582 2290 eo
601 2258 813 2307 tempore,
850 2260 936 2306 qno
952 2243 1161 2287 doctiores
1183 2238 1348 2285 fuerunt
1366 2237 1660 2281 humaniorum
1682 2227 1893 2275 literarum

258 2309 526 2360 Professores:
562 2314 605 2355 ὃ(
630 2313 736 2357 inter
770 2310 845 2355 hos
868 2311 1083 2372 peritiores
1109 2303 1246 2357 suffles,
1283 2305 1355 2365 qui
1381 2318 1451 2362 per
1475 2315 1608 2345 toram
1630 2299 1756 2342 viram
1788 2298 1896 2340 Lari-

259 2382 323 2425 nis
351 2380 585 2439 Graecisque
614 2376 739 2422 literis
765 2378 889 2422 dediti
916 2373 1083 2420 fuerunt
1103 2406 1114 2425 ,
1161 2387 1287 2433 quam
1315 2384 1386 2412 eos
1417 2370 1489 2430 qui
1519 2362 1777 2411 Scholasticis
1796 2396 1807 2414 ‚
1851 2376 1896 2408 ut

261 2450 398 2507 ajunt,
434 2442 574 2489 studiis
600 2444 816 2496 innutriti,
852 2441 1080 2504 loquendi,
1117 2441 1161 2482 &
1190 2434 1414 2499 eloquendi
1451 2447 1557 2479 artes
1592 2426 1759 2495 profesti
1786 2425 1898 2482 sunt,

1089 2506 1126 2549 A
1166 2517 1192 2550 2
1785 2507 1901 2540 ante-
